%YAML 1.1
%TAG !u! tag:unity3d.com,2011:
--- !u!29 &1
SceneSettings:
  m_ObjectHideFlags: 0
  m_PVSData: 
  m_PVSObjectsArray: []
  m_PVSPortalsArray: []
  m_OcclusionBakeSettings:
    smallestOccluder: 5
    smallestHole: 0.25
    backfaceThreshold: 100
--- !u!104 &2
RenderSettings:
  m_ObjectHideFlags: 0
  serializedVersion: 7
  m_Fog: 0
  m_FogColor: {r: 0.5, g: 0.5, b: 0.5, a: 1}
  m_FogMode: 3
  m_FogDensity: 0.01
  m_LinearFogStart: 0
  m_LinearFogEnd: 300
  m_AmbientSkyColor: {r: 0.212, g: 0.227, b: 0.259, a: 1}
  m_AmbientEquatorColor: {r: 0.114, g: 0.125, b: 0.133, a: 1}
  m_AmbientGroundColor: {r: 0.047, g: 0.043, b: 0.035, a: 1}
  m_AmbientIntensity: 1
  m_AmbientMode: 0
  m_SkyboxMaterial: {fileID: 10304, guid: 0000000000000000f000000000000000, type: 0}
  m_HaloStrength: 0.5
  m_FlareStrength: 1
  m_FlareFadeSpeed: 3
  m_HaloTexture: {fileID: 0}
  m_SpotCookie: {fileID: 10001, guid: 0000000000000000e000000000000000, type: 0}
  m_DefaultReflectionMode: 0
  m_DefaultReflectionResolution: 128
  m_ReflectionBounces: 1
  m_ReflectionIntensity: 1
  m_CustomReflection: {fileID: 0}
  m_Sun: {fileID: 0}
  m_IndirectSpecularColor: {r: 0, g: 0, b: 0, a: 1}
--- !u!157 &3
LightmapSettings:
  m_ObjectHideFlags: 0
  serializedVersion: 7
  m_GIWorkflowMode: 1
  m_GISettings:
    serializedVersion: 2
    m_BounceScale: 1
    m_IndirectOutputScale: 1
    m_AlbedoBoost: 1
    m_TemporalCoherenceThreshold: 1
    m_EnvironmentLightingMode: 0
    m_EnableBakedLightmaps: 1
    m_EnableRealtimeLightmaps: 1
  m_LightmapEditorSettings:
    serializedVersion: 4
    m_Resolution: 2
    m_BakeResolution: 40
    m_TextureWidth: 1024
    m_TextureHeight: 1024
    m_AO: 0
    m_AOMaxDistance: 1
    m_CompAOExponent: 1
    m_CompAOExponentDirect: 0
    m_Padding: 2
    m_LightmapParameters: {fileID: 0}
    m_LightmapsBakeMode: 1
    m_TextureCompression: 1
    m_DirectLightInLightProbes: 1
    m_FinalGather: 0
    m_FinalGatherFiltering: 1
    m_FinalGatherRayCount: 256
    m_ReflectionCompression: 2
  m_LightingDataAsset: {fileID: 0}
  m_RuntimeCPUUsage: 25
--- !u!196 &4
NavMeshSettings:
  serializedVersion: 2
  m_ObjectHideFlags: 0
  m_BuildSettings:
    serializedVersion: 2
    agentRadius: 0.5
    agentHeight: 2
    agentSlope: 45
    agentClimb: 0.4
    ledgeDropHeight: 0
    maxJumpAcrossDistance: 0
    accuratePlacement: 0
    minRegionArea: 2
    cellSize: 0.16666667
    manualCellSize: 0
  m_NavMeshData: {fileID: 0}
--- !u!1001 &66451253
Prefab:
  m_ObjectHideFlags: 0
  serializedVersion: 2
  m_Modification:
    m_TransformParent: {fileID: 1975954456}
    m_Modifications:
    - target: {fileID: 4000014091892466, guid: 79ad8e9dd6a16134cadf4fe24cc94777, type: 2}
      propertyPath: m_LocalPosition.x
      value: 0.452
      objectReference: {fileID: 0}
    - target: {fileID: 4000014091892466, guid: 79ad8e9dd6a16134cadf4fe24cc94777, type: 2}
      propertyPath: m_LocalPosition.y
      value: 0
      objectReference: {fileID: 0}
    - target: {fileID: 4000014091892466, guid: 79ad8e9dd6a16134cadf4fe24cc94777, type: 2}
      propertyPath: m_LocalPosition.z
      value: -0.65
      objectReference: {fileID: 0}
    - target: {fileID: 4000014091892466, guid: 79ad8e9dd6a16134cadf4fe24cc94777, type: 2}
      propertyPath: m_LocalRotation.x
      value: -0
      objectReference: {fileID: 0}
    - target: {fileID: 4000014091892466, guid: 79ad8e9dd6a16134cadf4fe24cc94777, type: 2}
      propertyPath: m_LocalRotation.y
      value: 0.20844476
      objectReference: {fileID: 0}
    - target: {fileID: 4000014091892466, guid: 79ad8e9dd6a16134cadf4fe24cc94777, type: 2}
      propertyPath: m_LocalRotation.z
      value: -0
      objectReference: {fileID: 0}
    - target: {fileID: 4000014091892466, guid: 79ad8e9dd6a16134cadf4fe24cc94777, type: 2}
      propertyPath: m_LocalRotation.w
      value: 0.9780342
      objectReference: {fileID: 0}
    - target: {fileID: 4000014091892466, guid: 79ad8e9dd6a16134cadf4fe24cc94777, type: 2}
      propertyPath: m_RootOrder
      value: 2
      objectReference: {fileID: 0}
    - target: {fileID: 1000014281902966, guid: 79ad8e9dd6a16134cadf4fe24cc94777, type: 2}
      propertyPath: m_IsActive
      value: 1
      objectReference: {fileID: 0}
    m_RemovedComponents: []
  m_ParentPrefab: {fileID: 100100000, guid: 79ad8e9dd6a16134cadf4fe24cc94777, type: 2}
  m_IsPrefabParent: 0
--- !u!4 &66451254 stripped
Transform:
  m_PrefabParentObject: {fileID: 4000014091892466, guid: 79ad8e9dd6a16134cadf4fe24cc94777,
    type: 2}
  m_PrefabInternal: {fileID: 66451253}
--- !u!1001 &86238377
Prefab:
  m_ObjectHideFlags: 0
  serializedVersion: 2
  m_Modification:
    m_TransformParent: {fileID: 1975954456}
    m_Modifications:
    - target: {fileID: 4000011264538602, guid: 66fe29271df5be94f984bba40ca4c88b, type: 2}
      propertyPath: m_LocalPosition.x
      value: -1.487
      objectReference: {fileID: 0}
    - target: {fileID: 4000011264538602, guid: 66fe29271df5be94f984bba40ca4c88b, type: 2}
      propertyPath: m_LocalPosition.y
      value: 0
      objectReference: {fileID: 0}
    - target: {fileID: 4000011264538602, guid: 66fe29271df5be94f984bba40ca4c88b, type: 2}
      propertyPath: m_LocalPosition.z
      value: -1.08
      objectReference: {fileID: 0}
    - target: {fileID: 4000011264538602, guid: 66fe29271df5be94f984bba40ca4c88b, type: 2}
      propertyPath: m_LocalRotation.x
      value: -0
      objectReference: {fileID: 0}
    - target: {fileID: 4000011264538602, guid: 66fe29271df5be94f984bba40ca4c88b, type: 2}
      propertyPath: m_LocalRotation.y
      value: 0.22046943
      objectReference: {fileID: 0}
    - target: {fileID: 4000011264538602, guid: 66fe29271df5be94f984bba40ca4c88b, type: 2}
      propertyPath: m_LocalRotation.z
      value: -0
      objectReference: {fileID: 0}
    - target: {fileID: 4000011264538602, guid: 66fe29271df5be94f984bba40ca4c88b, type: 2}
      propertyPath: m_LocalRotation.w
      value: 0.97539395
      objectReference: {fileID: 0}
    - target: {fileID: 4000011264538602, guid: 66fe29271df5be94f984bba40ca4c88b, type: 2}
      propertyPath: m_RootOrder
      value: 1
      objectReference: {fileID: 0}
    - target: {fileID: 1000012702800190, guid: 66fe29271df5be94f984bba40ca4c88b, type: 2}
      propertyPath: m_TagString
      value: Untagged
      objectReference: {fileID: 0}
    - target: {fileID: 1000012702800190, guid: 66fe29271df5be94f984bba40ca4c88b, type: 2}
      propertyPath: m_IsActive
      value: 1
      objectReference: {fileID: 0}
    m_RemovedComponents: []
  m_ParentPrefab: {fileID: 100100000, guid: 66fe29271df5be94f984bba40ca4c88b, type: 2}
  m_IsPrefabParent: 0
--- !u!4 &86238378 stripped
Transform:
  m_PrefabParentObject: {fileID: 4000011264538602, guid: 66fe29271df5be94f984bba40ca4c88b,
    type: 2}
  m_PrefabInternal: {fileID: 86238377}
--- !u!1001 &486643915
Prefab:
  m_ObjectHideFlags: 0
  serializedVersion: 2
  m_Modification:
    m_TransformParent: {fileID: 1975954456}
    m_Modifications:
    - target: {fileID: 4000011264538602, guid: 66fe29271df5be94f984bba40ca4c88b, type: 2}
      propertyPath: m_LocalPosition.x
      value: -0.56
      objectReference: {fileID: 0}
    - target: {fileID: 4000011264538602, guid: 66fe29271df5be94f984bba40ca4c88b, type: 2}
      propertyPath: m_LocalPosition.y
      value: 0
      objectReference: {fileID: 0}
    - target: {fileID: 4000011264538602, guid: 66fe29271df5be94f984bba40ca4c88b, type: 2}
      propertyPath: m_LocalPosition.z
      value: -1.4
      objectReference: {fileID: 0}
    - target: {fileID: 4000011264538602, guid: 66fe29271df5be94f984bba40ca4c88b, type: 2}
      propertyPath: m_LocalRotation.x
      value: -0
      objectReference: {fileID: 0}
    - target: {fileID: 4000011264538602, guid: 66fe29271df5be94f984bba40ca4c88b, type: 2}
      propertyPath: m_LocalRotation.y
      value: 0.22046943
      objectReference: {fileID: 0}
    - target: {fileID: 4000011264538602, guid: 66fe29271df5be94f984bba40ca4c88b, type: 2}
      propertyPath: m_LocalRotation.z
      value: -0
      objectReference: {fileID: 0}
    - target: {fileID: 4000011264538602, guid: 66fe29271df5be94f984bba40ca4c88b, type: 2}
      propertyPath: m_LocalRotation.w
      value: 0.97539395
      objectReference: {fileID: 0}
    - target: {fileID: 4000011264538602, guid: 66fe29271df5be94f984bba40ca4c88b, type: 2}
      propertyPath: m_RootOrder
      value: 0
      objectReference: {fileID: 0}
    m_RemovedComponents: []
  m_ParentPrefab: {fileID: 100100000, guid: 66fe29271df5be94f984bba40ca4c88b, type: 2}
  m_IsPrefabParent: 0
--- !u!4 &486643916 stripped
Transform:
  m_PrefabParentObject: {fileID: 4000011264538602, guid: 66fe29271df5be94f984bba40ca4c88b,
    type: 2}
  m_PrefabInternal: {fileID: 486643915}
--- !u!1001 &647762691
Prefab:
  m_ObjectHideFlags: 0
  serializedVersion: 2
  m_Modification:
    m_TransformParent: {fileID: 1975954456}
    m_Modifications:
    - target: {fileID: 4000014091892466, guid: 79ad8e9dd6a16134cadf4fe24cc94777, type: 2}
      propertyPath: m_LocalPosition.x
      value: -0.2
      objectReference: {fileID: 0}
    - target: {fileID: 4000014091892466, guid: 79ad8e9dd6a16134cadf4fe24cc94777, type: 2}
      propertyPath: m_LocalPosition.y
      value: 0
      objectReference: {fileID: 0}
    - target: {fileID: 4000014091892466, guid: 79ad8e9dd6a16134cadf4fe24cc94777, type: 2}
      propertyPath: m_LocalPosition.z
      value: -0.36
      objectReference: {fileID: 0}
    - target: {fileID: 4000014091892466, guid: 79ad8e9dd6a16134cadf4fe24cc94777, type: 2}
      propertyPath: m_LocalRotation.x
      value: -0
      objectReference: {fileID: 0}
    - target: {fileID: 4000014091892466, guid: 79ad8e9dd6a16134cadf4fe24cc94777, type: 2}
      propertyPath: m_LocalRotation.y
      value: 0.22919418
      objectReference: {fileID: 0}
    - target: {fileID: 4000014091892466, guid: 79ad8e9dd6a16134cadf4fe24cc94777, type: 2}
      propertyPath: m_LocalRotation.z
      value: -0
      objectReference: {fileID: 0}
    - target: {fileID: 4000014091892466, guid: 79ad8e9dd6a16134cadf4fe24cc94777, type: 2}
      propertyPath: m_LocalRotation.w
      value: 0.97338074
      objectReference: {fileID: 0}
    - target: {fileID: 4000014091892466, guid: 79ad8e9dd6a16134cadf4fe24cc94777, type: 2}
      propertyPath: m_RootOrder
      value: 3
      objectReference: {fileID: 0}
    - target: {fileID: 1000014281902966, guid: 79ad8e9dd6a16134cadf4fe24cc94777, type: 2}
      propertyPath: m_Name
      value: Soldier (1)
      objectReference: {fileID: 0}
    - target: {fileID: 4000014091892466, guid: 79ad8e9dd6a16134cadf4fe24cc94777, type: 2}
      propertyPath: m_LocalEulerAnglesHint.y
      value: 26.379002
      objectReference: {fileID: 0}
    - target: {fileID: 54000011401305548, guid: 79ad8e9dd6a16134cadf4fe24cc94777,
        type: 2}
      propertyPath: m_Constraints
      value: 10
      objectReference: {fileID: 0}
    - target: {fileID: 1000014281902966, guid: 79ad8e9dd6a16134cadf4fe24cc94777, type: 2}
      propertyPath: m_TagString
      value: Untagged
      objectReference: {fileID: 0}
    - target: {fileID: 1000014281902966, guid: 79ad8e9dd6a16134cadf4fe24cc94777, type: 2}
      propertyPath: m_IsActive
      value: 1
      objectReference: {fileID: 0}
    m_RemovedComponents: []
  m_ParentPrefab: {fileID: 100100000, guid: 79ad8e9dd6a16134cadf4fe24cc94777, type: 2}
  m_IsPrefabParent: 0
--- !u!4 &647762692 stripped
Transform:
  m_PrefabParentObject: {fileID: 4000014091892466, guid: 79ad8e9dd6a16134cadf4fe24cc94777,
    type: 2}
  m_PrefabInternal: {fileID: 647762691}
--- !u!1 &651019565
GameObject:
  m_ObjectHideFlags: 0
  m_PrefabParentObject: {fileID: 100008, guid: ec08dd9fc1b091847a1abcc5082f5b02, type: 3}
  m_PrefabInternal: {fileID: 0}
  serializedVersion: 4
  m_Component:
  - 4: {fileID: 651019566}
  m_Layer: 0
  m_Name: Battlefield
  m_TagString: Untagged
  m_Icon: {fileID: 0}
  m_NavMeshLayer: 0
  m_StaticEditorFlags: 0
  m_IsActive: 1
--- !u!4 &651019566
Transform:
  m_ObjectHideFlags: 0
  m_PrefabParentObject: {fileID: 400008, guid: ec08dd9fc1b091847a1abcc5082f5b02, type: 3}
  m_PrefabInternal: {fileID: 0}
  m_GameObject: {fileID: 651019565}
  m_LocalRotation: {x: -0, y: -0, z: -0, w: 1}
  m_LocalPosition: {x: 0, y: 0, z: 0}
  m_LocalScale: {x: 1, y: 1, z: 1}
  m_LocalEulerAnglesHint: {x: 0, y: 0, z: 0}
  m_Children:
  - {fileID: 1628132895}
  - {fileID: 1975954456}
  - {fileID: 1021793896}
  - {fileID: 1348039445}
  m_Father: {fileID: 971619844}
  m_RootOrder: 0
--- !u!1 &853323241
GameObject:
  m_ObjectHideFlags: 0
  m_PrefabParentObject: {fileID: 100004, guid: ec08dd9fc1b091847a1abcc5082f5b02, type: 3}
  m_PrefabInternal: {fileID: 0}
  serializedVersion: 4
  m_Component:
  - 4: {fileID: 853323242}
  - 33: {fileID: 853323244}
  - 23: {fileID: 853323243}
  - 64: {fileID: 853323245}
  m_Layer: 0
  m_Name: Plane
  m_TagString: Untagged
  m_Icon: {fileID: 0}
  m_NavMeshLayer: 0
  m_StaticEditorFlags: 0
  m_IsActive: 1
--- !u!4 &853323242
Transform:
  m_ObjectHideFlags: 0
  m_PrefabParentObject: {fileID: 400004, guid: ec08dd9fc1b091847a1abcc5082f5b02, type: 3}
  m_PrefabInternal: {fileID: 0}
  m_GameObject: {fileID: 853323241}
  m_LocalRotation: {x: 0, y: -0, z: -0, w: 1}
  m_LocalPosition: {x: 0.0008491613, y: -0.0001, z: -0.00184}
  m_LocalScale: {x: 0.9780932, y: 0.9780932, z: 0.9780932}
  m_LocalEulerAnglesHint: {x: 0, y: 0, z: 0}
  m_Children: []
  m_Father: {fileID: 1628132895}
  m_RootOrder: 0
--- !u!23 &853323243
MeshRenderer:
  m_ObjectHideFlags: 0
  m_PrefabParentObject: {fileID: 2300000, guid: ec08dd9fc1b091847a1abcc5082f5b02,
    type: 3}
  m_PrefabInternal: {fileID: 0}
  m_GameObject: {fileID: 853323241}
  m_Enabled: 1
  m_CastShadows: 1
  m_ReceiveShadows: 1
  m_MotionVectors: 1
  m_LightProbeUsage: 1
  m_ReflectionProbeUsage: 1
  m_Materials:
  - {fileID: 2100000, guid: c24cccf783db39b4ba00054a25e84147, type: 2}
  m_SubsetIndices: 
  m_StaticBatchRoot: {fileID: 0}
  m_ProbeAnchor: {fileID: 0}
  m_LightProbeVolumeOverride: {fileID: 0}
  m_ScaleInLightmap: 1
  m_PreserveUVs: 0
  m_IgnoreNormalsForChartDetection: 0
  m_ImportantGI: 0
  m_SelectedWireframeHidden: 0
  m_MinimumChartSize: 4
  m_AutoUVMaxDistance: 0.5
  m_AutoUVMaxAngle: 89
  m_LightmapParameters: {fileID: 0}
  m_SortingLayerID: 0
  m_SortingOrder: 0
--- !u!33 &853323244
MeshFilter:
  m_ObjectHideFlags: 0
  m_PrefabParentObject: {fileID: 3300000, guid: ec08dd9fc1b091847a1abcc5082f5b02,
    type: 3}
  m_PrefabInternal: {fileID: 0}
  m_GameObject: {fileID: 853323241}
  m_Mesh: {fileID: 4300002, guid: ec08dd9fc1b091847a1abcc5082f5b02, type: 3}
--- !u!64 &853323245
MeshCollider:
  m_ObjectHideFlags: 0
  m_PrefabParentObject: {fileID: 0}
  m_PrefabInternal: {fileID: 0}
  m_GameObject: {fileID: 853323241}
  m_Material: {fileID: 13400000, guid: df35b956f63ce3f48aa9043a31814501, type: 2}
  m_IsTrigger: 0
  m_Enabled: 1
  serializedVersion: 2
  m_Convex: 0
  m_Mesh: {fileID: 4300002, guid: ec08dd9fc1b091847a1abcc5082f5b02, type: 3}
--- !u!1 &971619843
GameObject:
  m_ObjectHideFlags: 0
  m_PrefabParentObject: {fileID: 0}
  m_PrefabInternal: {fileID: 0}
  serializedVersion: 4
  m_Component:
  - 4: {fileID: 971619844}
  - 114: {fileID: 971619845}
  m_Layer: 0
  m_Name: LevelContent
  m_TagString: Untagged
  m_Icon: {fileID: 419385456094870383, guid: 0000000000000000d000000000000000, type: 0}
  m_NavMeshLayer: 0
  m_StaticEditorFlags: 0
  m_IsActive: 1
--- !u!4 &971619844
Transform:
  m_ObjectHideFlags: 0
  m_PrefabParentObject: {fileID: 0}
  m_PrefabInternal: {fileID: 0}
  m_GameObject: {fileID: 971619843}
  m_LocalRotation: {x: -0, y: -0, z: -0, w: 1}
  m_LocalPosition: {x: 0, y: 0, z: 0}
  m_LocalScale: {x: 1, y: 1, z: 1}
  m_LocalEulerAnglesHint: {x: 0, y: 0, z: 0}
  m_Children:
  - {fileID: 651019566}
  m_Father: {fileID: 0}
  m_RootOrder: 0
--- !u!114 &971619845
MonoBehaviour:
  m_ObjectHideFlags: 0
  m_PrefabParentObject: {fileID: 0}
  m_PrefabInternal: {fileID: 0}
  m_GameObject: {fileID: 971619843}
  m_Enabled: 1
  m_EditorHideFlags: 0
  m_Script: {fileID: 11500000, guid: 5e61df25362152545ad194ef84b19b95, type: 3}
  m_Name: 
  m_EditorClassIdentifier: 
  _enemyArmy: {fileID: 1975954455}
  _army: {fileID: 1021793897}
--- !u!1 &1021793895
GameObject:
  m_ObjectHideFlags: 0
  m_PrefabParentObject: {fileID: 0}
  m_PrefabInternal: {fileID: 0}
  serializedVersion: 4
  m_Component:
  - 4: {fileID: 1021793896}
  - 114: {fileID: 1021793897}
  - 82: {fileID: 1021793898}
  m_Layer: 0
  m_Name: UserArmy
  m_TagString: Untagged
  m_Icon: {fileID: 0}
  m_NavMeshLayer: 0
  m_StaticEditorFlags: 0
  m_IsActive: 1
--- !u!4 &1021793896
Transform:
  m_ObjectHideFlags: 0
  m_PrefabParentObject: {fileID: 0}
  m_PrefabInternal: {fileID: 0}
  m_GameObject: {fileID: 1021793895}
  m_LocalRotation: {x: 0, y: 0, z: 0, w: 1}
  m_LocalPosition: {x: 1.18, y: 1.19, z: 3.58}
  m_LocalScale: {x: 1, y: 1, z: 1}
  m_LocalEulerAnglesHint: {x: 0, y: 0, z: 0}
  m_Children: []
  m_Father: {fileID: 651019566}
  m_RootOrder: 2
--- !u!114 &1021793897
MonoBehaviour:
  m_ObjectHideFlags: 0
  m_PrefabParentObject: {fileID: 0}
  m_PrefabInternal: {fileID: 0}
  m_GameObject: {fileID: 1021793895}
  m_Enabled: 1
  m_EditorHideFlags: 0
  m_Script: {fileID: 11500000, guid: 4e68ec8343269214fa8474519c2cc6eb, type: 3}
  m_Name: 
  m_EditorClassIdentifier: 
--- !u!82 &1021793898
AudioSource:
  m_ObjectHideFlags: 0
  m_PrefabParentObject: {fileID: 0}
  m_PrefabInternal: {fileID: 0}
  m_GameObject: {fileID: 1021793895}
  m_Enabled: 1
  serializedVersion: 4
  OutputAudioMixerGroup: {fileID: 0}
  m_audioClip: {fileID: 8300000, guid: 87e31539e02770042ae11d1bd5279140, type: 3}
  m_PlayOnAwake: 0
  m_Volume: 1
  m_Pitch: 1
  Loop: 0
  Mute: 0
  Spatialize: 0
  Priority: 128
  DopplerLevel: 1
  MinDistance: 1
  MaxDistance: 500
  Pan2D: 0
  rolloffMode: 0
  BypassEffects: 0
  BypassListenerEffects: 0
  BypassReverbZones: 0
  rolloffCustomCurve:
    serializedVersion: 2
    m_Curve:
    - time: 0
      value: 1
      inSlope: 0
      outSlope: 0
      tangentMode: 0
    - time: 1
      value: 0
      inSlope: 0
      outSlope: 0
      tangentMode: 0
    m_PreInfinity: 2
    m_PostInfinity: 2
    m_RotationOrder: 4
  panLevelCustomCurve:
    serializedVersion: 2
    m_Curve:
    - time: 0
      value: 0
      inSlope: 0
      outSlope: 0
      tangentMode: 0
    m_PreInfinity: 2
    m_PostInfinity: 2
    m_RotationOrder: 0
  spreadCustomCurve:
    serializedVersion: 2
    m_Curve:
    - time: 0
      value: 0
      inSlope: 0
      outSlope: 0
      tangentMode: 0
    m_PreInfinity: 2
    m_PostInfinity: 2
    m_RotationOrder: 0
  reverbZoneMixCustomCurve:
    serializedVersion: 2
    m_Curve:
    - time: 0
      value: 1
      inSlope: 0
      outSlope: 0
      tangentMode: 0
    m_PreInfinity: 2
    m_PostInfinity: 2
    m_RotationOrder: 0
--- !u!1001 &1198978550
Prefab:
  m_ObjectHideFlags: 0
  serializedVersion: 2
  m_Modification:
    m_TransformParent: {fileID: 1975954456}
    m_Modifications:
    - target: {fileID: 4000014091892466, guid: 79ad8e9dd6a16134cadf4fe24cc94777, type: 2}
      propertyPath: m_LocalPosition.x
      value: -0.3
      objectReference: {fileID: 0}
    - target: {fileID: 4000014091892466, guid: 79ad8e9dd6a16134cadf4fe24cc94777, type: 2}
      propertyPath: m_LocalPosition.y
      value: 0
      objectReference: {fileID: 0}
    - target: {fileID: 4000014091892466, guid: 79ad8e9dd6a16134cadf4fe24cc94777, type: 2}
      propertyPath: m_LocalPosition.z
      value: 0.42
      objectReference: {fileID: 0}
    - target: {fileID: 4000014091892466, guid: 79ad8e9dd6a16134cadf4fe24cc94777, type: 2}
      propertyPath: m_LocalRotation.x
      value: -0
      objectReference: {fileID: 0}
    - target: {fileID: 4000014091892466, guid: 79ad8e9dd6a16134cadf4fe24cc94777, type: 2}
      propertyPath: m_LocalRotation.y
      value: 0.17563345
      objectReference: {fileID: 0}
    - target: {fileID: 4000014091892466, guid: 79ad8e9dd6a16134cadf4fe24cc94777, type: 2}
      propertyPath: m_LocalRotation.z
      value: -0
      objectReference: {fileID: 0}
    - target: {fileID: 4000014091892466, guid: 79ad8e9dd6a16134cadf4fe24cc94777, type: 2}
      propertyPath: m_LocalRotation.w
      value: 0.98445565
      objectReference: {fileID: 0}
    - target: {fileID: 4000014091892466, guid: 79ad8e9dd6a16134cadf4fe24cc94777, type: 2}
      propertyPath: m_RootOrder
      value: 5
      objectReference: {fileID: 0}
    - target: {fileID: 1000014281902966, guid: 79ad8e9dd6a16134cadf4fe24cc94777, type: 2}
      propertyPath: m_Name
      value: Soldier (3)
      objectReference: {fileID: 0}
    - target: {fileID: 1000014281902966, guid: 79ad8e9dd6a16134cadf4fe24cc94777, type: 2}
      propertyPath: m_IsActive
      value: 1
      objectReference: {fileID: 0}
    m_RemovedComponents: []
  m_ParentPrefab: {fileID: 100100000, guid: 79ad8e9dd6a16134cadf4fe24cc94777, type: 2}
  m_IsPrefabParent: 0
--- !u!4 &1198978551 stripped
Transform:
  m_PrefabParentObject: {fileID: 4000014091892466, guid: 79ad8e9dd6a16134cadf4fe24cc94777,
    type: 2}
  m_PrefabInternal: {fileID: 1198978550}
--- !u!1 &1208872772
GameObject:
  m_ObjectHideFlags: 0
  m_PrefabParentObject: {fileID: 0}
  m_PrefabInternal: {fileID: 0}
  serializedVersion: 4
  m_Component:
  - 4: {fileID: 1208872775}
  - 114: {fileID: 1208872774}
  - 114: {fileID: 1208872773}
  m_Layer: 0
  m_Name: EventSystem
  m_TagString: Untagged
  m_Icon: {fileID: 0}
  m_NavMeshLayer: 0
  m_StaticEditorFlags: 0
  m_IsActive: 1
--- !u!114 &1208872773
MonoBehaviour:
  m_ObjectHideFlags: 0
  m_PrefabParentObject: {fileID: 0}
  m_PrefabInternal: {fileID: 0}
  m_GameObject: {fileID: 1208872772}
  m_Enabled: 1
  m_EditorHideFlags: 0
  m_Script: {fileID: 1077351063, guid: f5f67c52d1564df4a8936ccd202a3bd8, type: 3}
  m_Name: 
  m_EditorClassIdentifier: 
  m_HorizontalAxis: Horizontal
  m_VerticalAxis: Vertical
  m_SubmitButton: Submit
  m_CancelButton: Cancel
  m_InputActionsPerSecond: 10
  m_RepeatDelay: 0.5
  m_ForceModuleActive: 0
--- !u!114 &1208872774
MonoBehaviour:
  m_ObjectHideFlags: 0
  m_PrefabParentObject: {fileID: 0}
  m_PrefabInternal: {fileID: 0}
  m_GameObject: {fileID: 1208872772}
  m_Enabled: 1
  m_EditorHideFlags: 0
  m_Script: {fileID: -619905303, guid: f5f67c52d1564df4a8936ccd202a3bd8, type: 3}
  m_Name: 
  m_EditorClassIdentifier: 
  m_FirstSelected: {fileID: 0}
  m_sendNavigationEvents: 1
  m_DragThreshold: 5
--- !u!4 &1208872775
Transform:
  m_ObjectHideFlags: 0
  m_PrefabParentObject: {fileID: 0}
  m_PrefabInternal: {fileID: 0}
  m_GameObject: {fileID: 1208872772}
  m_LocalRotation: {x: 0, y: 0, z: 0, w: 1}
  m_LocalPosition: {x: 0, y: 0, z: 0}
  m_LocalScale: {x: 1, y: 1, z: 1}
  m_LocalEulerAnglesHint: {x: 0, y: 0, z: 0}
  m_Children: []
  m_Father: {fileID: 0}
  m_RootOrder: 1
--- !u!1 &1348039444
GameObject:
  m_ObjectHideFlags: 0
  m_PrefabParentObject: {fileID: 0}
  m_PrefabInternal: {fileID: 0}
  serializedVersion: 4
  m_Component:
  - 4: {fileID: 1348039445}
  m_Layer: 0
  m_Name: SpawnPoint
  m_TagString: Untagged
  m_Icon: {fileID: 0}
  m_NavMeshLayer: 0
  m_StaticEditorFlags: 0
  m_IsActive: 1
--- !u!4 &1348039445
Transform:
  m_ObjectHideFlags: 0
  m_PrefabParentObject: {fileID: 0}
  m_PrefabInternal: {fileID: 0}
  m_GameObject: {fileID: 1348039444}
  m_LocalRotation: {x: 0, y: 0, z: 0, w: 1}
  m_LocalPosition: {x: 1.57, y: 0.19, z: 3.47}
  m_LocalScale: {x: 1, y: 1, z: 1}
  m_LocalEulerAnglesHint: {x: 0, y: 0, z: 0}
  m_Children: []
  m_Father: {fileID: 651019566}
  m_RootOrder: 3
--- !u!1 &1628132894
GameObject:
  m_ObjectHideFlags: 0
  m_PrefabParentObject: {fileID: 100006, guid: ec08dd9fc1b091847a1abcc5082f5b02, type: 3}
  m_PrefabInternal: {fileID: 0}
  serializedVersion: 4
  m_Component:
  - 4: {fileID: 1628132895}
  m_Layer: 0
  m_Name: Plane.001
  m_TagString: Untagged
  m_Icon: {fileID: 0}
  m_NavMeshLayer: 0
  m_StaticEditorFlags: 0
  m_IsActive: 1
--- !u!4 &1628132895
Transform:
  m_ObjectHideFlags: 0
  m_PrefabParentObject: {fileID: 400006, guid: ec08dd9fc1b091847a1abcc5082f5b02, type: 3}
  m_PrefabInternal: {fileID: 0}
  m_GameObject: {fileID: 1628132894}
  m_LocalRotation: {x: -0.7071068, y: 0, z: -0, w: 0.7071067}
  m_LocalPosition: {x: -0, y: 0, z: 0}
  m_LocalScale: {x: 818.79913, y: 818.79913, z: 818.79913}
  m_LocalEulerAnglesHint: {x: 0, y: 0, z: 0}
  m_Children:
  - {fileID: 853323242}
  m_Father: {fileID: 651019566}
  m_RootOrder: 0
--- !u!1001 &1897501699
Prefab:
  m_ObjectHideFlags: 0
  serializedVersion: 2
  m_Modification:
    m_TransformParent: {fileID: 1975954456}
    m_Modifications:
    - target: {fileID: 4000014091892466, guid: 79ad8e9dd6a16134cadf4fe24cc94777, type: 2}
      propertyPath: m_LocalPosition.x
      value: 0.45200002
      objectReference: {fileID: 0}
    - target: {fileID: 4000014091892466, guid: 79ad8e9dd6a16134cadf4fe24cc94777, type: 2}
      propertyPath: m_LocalPosition.y
      value: 0
      objectReference: {fileID: 0}
    - target: {fileID: 4000014091892466, guid: 79ad8e9dd6a16134cadf4fe24cc94777, type: 2}
      propertyPath: m_LocalPosition.z
      value: 0.16
      objectReference: {fileID: 0}
    - target: {fileID: 4000014091892466, guid: 79ad8e9dd6a16134cadf4fe24cc94777, type: 2}
      propertyPath: m_LocalRotation.x
      value: -0
      objectReference: {fileID: 0}
    - target: {fileID: 4000014091892466, guid: 79ad8e9dd6a16134cadf4fe24cc94777, type: 2}
      propertyPath: m_LocalRotation.y
      value: 0.13649382
      objectReference: {fileID: 0}
    - target: {fileID: 4000014091892466, guid: 79ad8e9dd6a16134cadf4fe24cc94777, type: 2}
      propertyPath: m_LocalRotation.z
      value: -0
      objectReference: {fileID: 0}
    - target: {fileID: 4000014091892466, guid: 79ad8e9dd6a16134cadf4fe24cc94777, type: 2}
      propertyPath: m_LocalRotation.w
      value: 0.99064094
      objectReference: {fileID: 0}
    - target: {fileID: 4000014091892466, guid: 79ad8e9dd6a16134cadf4fe24cc94777, type: 2}
      propertyPath: m_RootOrder
      value: 4
      objectReference: {fileID: 0}
    - target: {fileID: 1000014281902966, guid: 79ad8e9dd6a16134cadf4fe24cc94777, type: 2}
      propertyPath: m_Name
      value: Soldier (2)
      objectReference: {fileID: 0}
    - target: {fileID: 4000014091892466, guid: 79ad8e9dd6a16134cadf4fe24cc94777, type: 2}
      propertyPath: m_LocalEulerAnglesHint.y
      value: 15.380001
      objectReference: {fileID: 0}
    - target: {fileID: 54000011401305548, guid: 79ad8e9dd6a16134cadf4fe24cc94777,
        type: 2}
      propertyPath: m_Constraints
      value: 10
      objectReference: {fileID: 0}
    - target: {fileID: 1000014281902966, guid: 79ad8e9dd6a16134cadf4fe24cc94777, type: 2}
      propertyPath: m_TagString
      value: Untagged
      objectReference: {fileID: 0}
    - target: {fileID: 1000014281902966, guid: 79ad8e9dd6a16134cadf4fe24cc94777, type: 2}
      propertyPath: m_IsActive
      value: 1
      objectReference: {fileID: 0}
    m_RemovedComponents: []
  m_ParentPrefab: {fileID: 100100000, guid: 79ad8e9dd6a16134cadf4fe24cc94777, type: 2}
  m_IsPrefabParent: 0
--- !u!4 &1897501700 stripped
Transform:
  m_PrefabParentObject: {fileID: 4000014091892466, guid: 79ad8e9dd6a16134cadf4fe24cc94777,
    type: 2}
  m_PrefabInternal: {fileID: 1897501699}
--- !u!1 &1975954455
GameObject:
  m_ObjectHideFlags: 0
  m_PrefabParentObject: {fileID: 0}
  m_PrefabInternal: {fileID: 0}
  serializedVersion: 4
  m_Component:
  - 4: {fileID: 1975954456}
  - 65: {fileID: 1975954457}
  m_Layer: 0
  m_Name: EnemyArmy
  m_TagString: Untagged
  m_Icon: {fileID: 0}
  m_NavMeshLayer: 0
  m_StaticEditorFlags: 0
  m_IsActive: 1
--- !u!4 &1975954456
Transform:
  m_ObjectHideFlags: 0
  m_PrefabParentObject: {fileID: 0}
  m_PrefabInternal: {fileID: 0}
  m_GameObject: {fileID: 1975954455}
  m_LocalRotation: {x: -0, y: -0, z: -0, w: 1}
  m_LocalPosition: {x: -2.37, y: 0.09, z: -3.46}
  m_LocalScale: {x: 1, y: 1, z: 1}
  m_LocalEulerAnglesHint: {x: 0, y: 0, z: 0}
  m_Children:
  - {fileID: 486643916}
  - {fileID: 86238378}
  - {fileID: 66451254}
  - {fileID: 647762692}
  - {fileID: 1897501700}
  - {fileID: 1198978551}
  - {fileID: 2041496937}
  m_Father: {fileID: 651019566}
  m_RootOrder: 1
--- !u!65 &1975954457
BoxCollider:
  m_ObjectHideFlags: 0
  m_PrefabParentObject: {fileID: 0}
  m_PrefabInternal: {fileID: 0}
  m_GameObject: {fileID: 1975954455}
  m_Material: {fileID: 0}
  m_IsTrigger: 0
  m_Enabled: 0
  serializedVersion: 2
  m_Size: {x: 7.52, y: 1, z: 4.17}
  m_Center: {x: 0, y: 0, z: -0.95}
--- !u!1001 &2041496936
Prefab:
  m_ObjectHideFlags: 0
  serializedVersion: 2
  m_Modification:
    m_TransformParent: {fileID: 1975954456}
    m_Modifications:
    - target: {fileID: 4000014091892466, guid: 79ad8e9dd6a16134cadf4fe24cc94777, type: 2}
      propertyPath: m_LocalPosition.x
      value: -0.84
      objectReference: {fileID: 0}
    - target: {fileID: 4000014091892466, guid: 79ad8e9dd6a16134cadf4fe24cc94777, type: 2}
      propertyPath: m_LocalPosition.y
      value: 0
      objectReference: {fileID: 0}
    - target: {fileID: 4000014091892466, guid: 79ad8e9dd6a16134cadf4fe24cc94777, type: 2}
      propertyPath: m_LocalPosition.z
      value: -0.13
      objectReference: {fileID: 0}
    - target: {fileID: 4000014091892466, guid: 79ad8e9dd6a16134cadf4fe24cc94777, type: 2}
      propertyPath: m_LocalRotation.x
      value: -0
      objectReference: {fileID: 0}
    - target: {fileID: 4000014091892466, guid: 79ad8e9dd6a16134cadf4fe24cc94777, type: 2}
      propertyPath: m_LocalRotation.y
      value: 0.14363949
      objectReference: {fileID: 0}
    - target: {fileID: 4000014091892466, guid: 79ad8e9dd6a16134cadf4fe24cc94777, type: 2}
      propertyPath: m_LocalRotation.z
      value: -0
      objectReference: {fileID: 0}
    - target: {fileID: 4000014091892466, guid: 79ad8e9dd6a16134cadf4fe24cc94777, type: 2}
      propertyPath: m_LocalRotation.w
      value: 0.98963016
      objectReference: {fileID: 0}
    - target: {fileID: 4000014091892466, guid: 79ad8e9dd6a16134cadf4fe24cc94777, type: 2}
      propertyPath: m_RootOrder
      value: 6
      objectReference: {fileID: 0}
    - target: {fileID: 1000014281902966, guid: 79ad8e9dd6a16134cadf4fe24cc94777, type: 2}
      propertyPath: m_Name
      value: Soldier (4)
      objectReference: {fileID: 0}
    - target: {fileID: 4000014091892466, guid: 79ad8e9dd6a16134cadf4fe24cc94777, type: 2}
      propertyPath: m_LocalEulerAnglesHint.y
      value: 16.207
      objectReference: {fileID: 0}
    - target: {fileID: 54000011401305548, guid: 79ad8e9dd6a16134cadf4fe24cc94777,
        type: 2}
      propertyPath: m_Constraints
      value: 10
      objectReference: {fileID: 0}
    - target: {fileID: 1000014281902966, guid: 79ad8e9dd6a16134cadf4fe24cc94777, type: 2}
      propertyPath: m_TagString
      value: Untagged
      objectReference: {fileID: 0}
    m_RemovedComponents: []
  m_ParentPrefab: {fileID: 100100000, guid: 79ad8e9dd6a16134cadf4fe24cc94777, type: 2}
  m_IsPrefabParent: 0
--- !u!4 &2041496937 stripped
Transform:
  m_PrefabParentObject: {fileID: 4000014091892466, guid: 79ad8e9dd6a16134cadf4fe24cc94777,
    type: 2}
  m_PrefabInternal: {fileID: 2041496936}
